@inproceedings{FBANK,
author = {Vozáriková, Eva and Lojka, Martin and Pleva, Matus and Juhár, Jozef and Čižmár, Anton},
year = {2013},
month = {06},
pages = {288-297},
title = {Comparison of Different Feature Types for Acoustic Event Detection System},
volume = {368},
isbn = {978-3-642-38558-2 (Print) 978-3-642-38559-9 (Online)},
journal = {Communications in Computer and Information Science},
doi = {10.1007/978-3-642-38559-9_25}
}