@inproceedings{Sohn2016ImprovedDM,
  title={Improved Deep Metric Learning with Multi-class N-pair Loss Objective},
  author={Kihyuk Sohn},
  booktitle={NIPS},
  year={2016}
}
