@misc{COCA,
  doi = {10.48550/ARXIV.2205.01917},
  
  url = {https://arxiv.org/abs/2205.01917},
  
  author = {Yu, Jiahui and Wang, Zirui and Vasudevan, Vijay and Yeung, Legg and Seyedhosseini, Mojtaba and Wu, Yonghui},
  
  keywords = {Computer Vision and Pattern Recognition (cs.CV), Machine Learning (cs.LG), Multimedia (cs.MM), FOS: Computer and information sciences, FOS: Computer and information sciences},
  
  title = {CoCa: Contrastive Captioners are Image-Text Foundation Models},
  
  publisher = {arXiv},
  
  year = {2022},
  
  copyright = {arXiv.org perpetual, non-exclusive license}
}


@misc{UCF101,
  doi = {10.48550/ARXIV.1212.0402},
  
  url = {https://arxiv.org/abs/1212.0402},
  
  author = {Soomro, Khurram and Zamir, Amir Roshan and Shah, Mubarak},
  
  keywords = {Computer Vision and Pattern Recognition (cs.CV), FOS: Computer and information sciences, FOS: Computer and information sciences},
  
  title = {UCF101: A Dataset of 101 Human Actions Classes From Videos in The Wild},
  
  publisher = {arXiv},
  
  year = {2012},
  
  copyright = {arXiv.org perpetual, non-exclusive license}
}


@misc{CNN,
  doi = {10.48550/ARXIV.1503.04144},
  
  url = {https://arxiv.org/abs/1503.04144},
  
  author = {Zha, Shengxin and Luisier, Florian and Andrews, Walter and Srivastava, Nitish and Salakhutdinov, Ruslan},
  
  keywords = {Computer Vision and Pattern Recognition (cs.CV), FOS: Computer and information sciences, FOS: Computer and information sciences},
  
  title = {Exploiting Image-trained CNN Architectures for Unconstrained Video Classification},
  
  publisher = {arXiv},
  
  year = {2015},
  
  copyright = {arXiv.org perpetual, non-exclusive license}
}

@misc{UNCERTAINTY,
  doi = {10.48550/ARXIV.2107.03342},
  
  url = {https://arxiv.org/abs/2107.03342},
  
  author = {Gawlikowski, Jakob and Tassi, Cedrique Rovile Njieutcheu and Ali, Mohsin and Lee, Jongseok and Humt, Matthias and Feng, Jianxiang and Kruspe, Anna and Triebel, Rudolph and Jung, Peter and Roscher, Ribana and Shahzad, Muhammad and Yang, Wen and Bamler, Richard and Zhu, Xiao Xiang},
  
  keywords = {Machine Learning (cs.LG), Machine Learning (stat.ML), FOS: Computer and information sciences, FOS: Computer and information sciences},
  
  title = {A Survey of Uncertainty in Deep Neural Networks},
  
  publisher = {arXiv},
  
  year = {2021},
  
  copyright = {Creative Commons Attribution 4.0 International}
}

@inproceedings{TRANSFORMERS,
  title={Token shift transformer for video classification},
  author={Zhang, Hao and Hao, Yanbin and Ngo, Chong-Wah},
  booktitle={Proceedings of the 29th ACM International Conference on Multimedia},
  pages={917--925},
  year={2021}
}