@article{Chung2020InDO,
  title   = {In defence of metric learning for speaker recognition},
  author  = {Joon Son Chung and Jaesung Huh and Seongkyu Mun and Minjae Lee and Hee-Soo Heo and Soyeon Choe and Chiheon Ham and Sung-Ye Jung and Bong-Jin Lee and Icksang Han},
  journal = {ArXiv},
  year    = {2020},
  volume  = {abs/2003.11982}
}